@article{abut2016,
title={Developing new {VO$_2$max} prediction models from maximal, submaximal and questionnaire variables using support vector machines combined with feature selection},
author={Abut, Fatih and Akay, Mehmet Fatih and George, James},
journal={Computers in Biology and Medicine},
volume={79},
pages={182--192},
year={2016},
publisher={Elsevier}
}

@article{akay2009,
  title={Support vector regression and multilayer feed forward neural networks for non-exercise prediction of {VO$_2$max}},
  author={Akay, Mehmet Fatih and Inan, Cigdem and Bradshaw, Danielle I and George, James D},
  journal={Expert Systems with Applications},
  volume={36},
  number={6},
  pages={10112--10119},
  year={2009},
  publisher={Elsevier}
}

@article{ashfaq2022,
  title={Recent advances in machine learning for maximal oxygen uptake ({VO$_2$ max}) prediction: A review},
  author={Ashfaq, Atiqa and Cronin, Neil and M{\"u}ller, Philipp},
  journal={Informatics in Medicine Unlocked},
  pages={100863},
  year={2022},
  publisher={Elsevier}
}

@article{beerse2020,
  title={Spring-like leg dynamics and neuromuscular strategies for hopping on a mini-trampoline in adults and children},
  author={Beerse, Matthew and Wu, Jianhua},
  journal={Experimental Brain Research},
  volume={238},
  number={9},
  pages={2087--2096},
  year={2020},
  publisher={Springer}
}

@article{blickhan1989,
  title={The spring-mass model for running and hopping},
  author={Blickhan, R},
  journal={Journal of Biomechanics},
  volume={22},
  number={11-12},
  pages={1217--1227},
  year={1989},
  publisher={Elsevier}
}

@article{bogin2010,
  title={Leg length, body proportion, and health: a review with a note on beauty},
  author={Bogin, Barry and Varela-Silva, Maria In{\^e}s},
  journal={International Journal of Environmental Research and Public Health},
  volume={7},
  number={3},
  pages={1047--1075},
  year={2010},
  publisher={Molecular Diversity Preservation International (MDPI)}
}

@article{brener2003,
  title={Reliability and validity of self-reported height and weight among high school students},
  author={Brener, Nancy D and McManus, Tim and Galuska, Deborah A and Lowry, Richard and Wechsler, Howell},
  journal={Journal of Adolescent Health},
  volume={32},
  number={4},
  pages={281--287},
  year={2003},
  publisher={Elsevier}
}

@manual{datatable,
title = {{data.table}: Extension of `data.frame`},
author = {Matt Dowle and Arun Srinivasan},
year = {2022},
note = {R package version 1.14.6},
url = {https://CRAN.R-project.org/package=data.table},
}

@article{demirbuken2009,
  title={Gender specific strategies in demanding hopping conditions},
  author={Demirb{\"u}ken, {\.I}lk{\c{s}}an and Yurdalan, Saadet Ufuk and Savelberg, Hans and Meijer, Kenneth},
  journal={Journal of Sports Science and Medicine},
  volume={8},
  number={2},
  pages={265--270},
  year={2009}
}

@manual{dplyr,
title = {{dplyr}: A Grammar of Data Manipulation},
author = {Hadley Wickham and Romain François and Lionel Henry and Kirill Müller and Davis Vaughan},
year = {2023},
note = {R package version 1.1.1},
url = {https://CRAN.R-project.org/package=dplyr},
}

@article{engstrom2003,
  title={Accuracy of self-reported height and weight in women: an integrative review of the literature},
  author={Engstrom, Janet L and Paterson, Susan A and Doherty, Anastasia and Trabulsi, Mary and Speer, Kara L},
  journal={Journal of Midwifery \& Women's Health},
  volume={48},
  number={5},
  pages={338--345},
  year={2003},
  publisher={Elsevier}
}

@article{farley1991,
  title={Hopping frequency in humans: a test of how springs set stride frequency in bouncing gaits},
  author={Farley, Claire T and Blickhan, Reinhard and Saito, Jacqueline and Taylor, C Richard},
  journal={Journal of Applied Physiology},
  volume={71},
  number={6},
  pages={2127--2132},
  year={1991}
}

@article{farley1993,
  title={Running springs: speed and animal size},
  author={Farley, Claire T and Glasheen, James and McMahon, Thomas A},
  journal={Journal of Experimental Biology},
  volume={185},
  number={1},
  pages={71--86},
  year={1993},
  publisher={Company of Biologists The Company of Biologists, Bidder Building, 140 Cowley~…}
}

@article{ferris1997,
  title={Interaction of leg stiffness and surface stiffness during human hopping},
  author={Ferris, Daniel P and Farley, Claire T},
  journal={Journal of Applied Physiology},
  volume={82},
  number={1},
  pages={15--22},
  year={1997},
  publisher={American Physiological Society Bethesda, MD}
}

@article{fsinr,
title = {{FSinR}: an exhaustive package for feature selection},
author = {Francisco Aragón-Royón and Alfonso Jiménez-Vílchez and Antonio Arauzo-Azofra and José Manuel Benitez},
journal = {arXiv e-prints},
keywords = {Computer Science - Machine Learning, Statistics - Machine Learning},
year = {2020},
month = {feb},
eid = {arXiv:2002.10330},
pages = {arXiv:2002.10330},
archiveprefix = {arXiv},
eprint = {2002.10330},
primaryclass = {cs.LG},
url = {https://arxiv.org/abs/2002.10330},
}

@article{george1996,
  title={Alternative approach to maximal exercise testing and {VO$_2$max} prediction in college students},
  author={George, James D},
  journal={Research Quarterly for Exercise and Sport},
  volume={67},
  number={4},
  pages={452--457},
  year={1996},
  publisher={Taylor \& Francis}
}

@book{ggplot2,
author = {Hadley Wickham},
title = {{ggplot2}: Elegant Graphics for Data Analysis},
publisher = {Springer-Verlag New York},
year = {2016},
isbn = {978-3-319-24277-4},
url = {https://ggplot2.tidyverse.org},
}

@manual{ggpubr,
title = {{ggpubr}: 'ggplot2' Based Publication Ready Plots},
author = {Alboukadel Kassambara},
year = {2022},
note = {R package version 0.5.0},
url = {https://CRAN.R-project.org/package=ggpubr},
}

@article{granata2002,
  title={Gender differences in active musculoskeletal stiffness. {Part II}. {Q}uantification of leg stiffness during functional hopping tasks},
  author={Granata, KP and Padua, DA and Wilson, SE},
  journal={Journal of Electromyography and Kinesiology},
  volume={12},
  number={2},
  pages={127--135},
  year={2002},
  publisher={Elsevier}
}

@article{grant1999,
  title={The prediction of {VO$_2$max}: a comparison of 7 indirect tests of aerobic power},
  author={Grant, John A and Joseph, Amy N and Campagna, Philip D},
  journal={The Journal of Strength \& Conditioning Research},
  volume={13},
  number={4},
  pages={346--352},
  year={1999},
  publisher={LWW}
}

@article{green2018,
  title={{VO$_2$peak} is an acceptable estimate of cardiorespiratory fitness but not {VO$_2$max}},
  author={Green, Simon and Askew, Christopher},
  journal={Journal of Applied Physiology},
  volume={125},
  number={1},
  pages={229--232},
  year={2018},
  publisher={American Physiological Society Bethesda, MD}
}

@article{gutmann2013,
  title={Constrained optimization of metabolic cost in human hopping},
  author={Gutmann, Anne K and Bertram, John EA},
  journal={Experimental Physiology},
  volume={98},
  number={7},
  pages={1178--1189},
  year={2013},
  publisher={Wiley Online Library}
}

@article{hamlin2014,
  title={Measurement of cardiorespiratory fitness in children from two commonly used field tests after accounting for body fatness and maturity},
  author={Hamlin, Michael J and Fraser, Meegan and Lizamore, Catherine A and Draper, Nick and Shearman, Jeremy P and Kimber, Nicholas E},
  journal={Journal of Human Kinetics},
  volume={40},
  number={1},
  pages={83--92},
  year={2014}
}

@article{hodge2020,
  title={Validation of self-reported height and weight in a large, nationwide cohort of {US} adults},
  author={Hodge, James M and Shah, Roma and McCullough, Marjorie L and Gapstur, Susan M and Patel, Alpa V},
  journal={PLoS One},
  volume={15},
  number={4},
  pages={e0231229},
  year={2020},
  publisher={Public Library of Science San Francisco, CA USA}
}

@article{jones1971,
  title={Observations on the control of stepping and hopping movements in man},
  author={Jones, G Melvill and Watt, DGD},
  journal={The Journal of Physiology},
  volume={219},
  number={3},
  pages={709--727},
  year={1971},
  publisher={Wiley Online Library}
}

@incollection{kira1992,
title={A practical approach to feature selection},
author={Kira, Kenji and Rendell, Larry A},
booktitle={Machine {L}earning {P}roceedings 1992},
pages={249--256},
year={1992},
publisher={Elsevier}
}

@article{lee2014,
  title={Scaling of the spring in the leg during bouncing gaits of mammals},
  author={Lee, David V and Isaacs, Michael R and Higgins, Trevor E and Biewener, Andrew A and McGowan, Craig P},
  year={2014},
  journal={Journal of Experimental Biology},
  volume={185},
  issue={1},
  pages={71--86},
  publisher={The Society for Integrative and Comparative Biology}
}

@article{mcmahon1990,
  title={The mechanics of running: how does stiffness couple with speed?},
  author={McMahon, Thomas A and Cheng, George C},
  journal={Journal of Biomechanics},
  volume={23},
  pages={65--78},
  year={1990},
  publisher={Elsevier}
}

@phdthesis{moholkar2004,
place={Berkeley, CA},
title={Determinants of leg stiffness and preferred stride frequency in bouncing gaits},
school={University of California, Berkeley},
author={Moholkar, Nitin},
year={2004}
}

@article{palta1982,
  title={Comparison of self-reported and measured height and weight},
  author={Palta, Mari and Prineas, Ronald J and Berman, Reuben and Hannan, Peter},
  journal={American Journal of Epidemiology},
  volume={115},
  number={2},
  pages={223--230},
  year={1982},
  publisher={Oxford University Press}
}

@manual{r,
title = {R: A Language and Environment for Statistical Computing},
author = {{R Core Team}},
organization = {R Foundation for Statistical Computing},
address = {Vienna, Austria},
year = {2022},
url = {https://www.R-project.org/},
}

@article{roth2013,
  title={The correlation between self-reported and measured height, weight, and {BMI} in reproductive age women},
  author={Roth, Lauren W and Allshouse, Amanda A and Lesh, Jennifer and Polotsky, Alex J and Santoro, Nanette},
  journal={Maturitas},
  volume={76},
  number={2},
  pages={185--188},
  year={2013},
  publisher={Elsevier}
}

@article{siconolfi1982,
  title={Assessing {VO$_2$max} in epidemiologic studies: modification of the Astrand-Rhyming test.},
  author={Siconolfi, Steven F and Cullinane, Eileen M and Carleton, Richard A and Thompson, PAUL D},
  journal={Medicine and Science in Sports and Exercise},
  volume={14},
  number={5},
  pages={335--338},
  year={1982}
}

@article{spencer2002,
  title={Validity of self-reported height and weight in 4808 {EPIC}--{Oxford} participants},
  author={Spencer, Elizabeth A and Appleby, Paul N and Davey, Gwyneth K and Key, Timothy J},
  journal={Public Health Nutrition},
  volume={5},
  number={4},
  pages={561--565},
  year={2002},
  publisher={Cambridge University Press}
}

@manual{tidyr,
title = {{tidyr}: Tidy Messy Data},
author = {Hadley Wickham and Maximilian Girlich},
year = {2022},
note = {R package version 1.2.1},
url = {https://CRAN.R-project.org/package=tidyr},
}
